@article{peterson2017kelly,
  title={Kelly's criterion in portfolio optimization: a decoupled problem},
  author={Peterson, Zachariah},
  journal={arXiv preprint arXiv:1710.00431},
  year={2017}
}
